% This file was created with JabRef 2.5.
% Encoding: Cp1252

@TECHREPORT{Poli,
  author = {Gian Paolo De Poli (Avio)},
  title = {ROBUST MULTI-DISCIPLINARY DESIGN
	
	OF COMPONENTS CONCLUDING
	
	REPORT},
  institution = {VIVACE},
  year = {2007},
  owner = {Administrator},
  timestamp = {2010.12.16}
}

@INPROCEEDINGS{Anderson1998,
  author = {B. Anderson},
  title = {ENGEN Data Model: a neutral model to capture design intent (INDIRECT-Choi2002)},
  booktitle = {Proceedings of the Tenth International IFIP WG 5.2/5.3 Conference},
  year = {1998},
  editor = {G. Jacucci; G. J. Olling; K. Preiss; M. J. Wozny},
  owner = {Administrator},
  timestamp = {2010.07.07}
}

@MISC{Dabke94usingfeatures,
  author = {Padmanabh Dabke and Vallury Prabhakar and Sheri Sheppard},
  title = {Using Features to Support Finite Element Idealizations},
  howpublished = {ASME Computers in Engineering},
  year = {1994}
}

@ARTICLE{Bianconi2004,
  author = {BIANCONI Francesco},
  title = {TOWARDS A PROCEDURAL CAD MODEL FOR DATA EXCHANGE:
	
	PROBLEMS AND PERSPECTIVES},
  journal = {Congreso Internacional Conjunto XVII Ingegraf - XV ADM: De la Tradici�n
	al Futuro},
  year = {2005},
  owner = {Administrator},
  timestamp = {2010.12.16}
}

@ARTICLE{Kim2007,
  author = {Byungchul Kim;Soonhung Han},
  title = {Integration of history-based parametric translators using the automation
	APIs},
  journal = {Int. J. Product Lifecycle Management},
  year = {2007},
  volume = {2},
  owner = {Administrator},
  timestamp = {2010.12.17}
}

@ARTICLE{Choi2002,
  author = {Guk-Heon Choi; Duhwan Mun; Soonhung Han},
  title = {Exchange of CAD Part Models Based on the Macro-Parametric Approach},
  journal = {International Journal of CAD/CAM},
  year = {2002},
  volume = {2},
  number = {1},
  owner = {Administrator},
  timestamp = {2010.07.07}
}

@ARTICLE{SHLee2009,
  author = {Sang Hun Lee},
  title = {Feature-based non-manifold modeling system to integrate design and
	analysis of injection molding products},
  journal = {Journal of Mechanical Science and Technology},
  year = {2009},
  volume = {23},
  pages = {1331-1341},
  owner = {Administrator},
  timestamp = {2010.12.16}
}

@ARTICLE{SHLee2005,
  author = {S. H. Lee},
  title = {Feature-based multiresolution modeling of solids},
  journal = {ACM Transactions on Graphics},
  year = {2005},
  volume = {24},
  pages = {1417-1441},
  owner = {Administrator},
  timestamp = {2010.12.16}
}

@ARTICLE{SHLee2005b,
  author = {Sang Hun Lee},
  title = {A CAD-CAE integration approach using feature-based multi-resolution
	and multi-abstraction modelling techniques},
  journal = {Computer-Aided Design},
  year = {2005},
  volume = {37},
  pages = {941�955},
  owner = {Administrator},
  timestamp = {2010.12.16}
}

@TECHREPORT{Spaceclaim2007,
  author = {Howie Markson},
  title = {Achieving CAD Interoperability in Global Product Design Environments},
  institution = {Spaceclaim},
  year = {2007},
  owner = {Administrator},
  timestamp = {2010.07.06}
}

@ARTICLE{Goyal2010,
  author = {Khushdeep Goyal; Jatinder Madan; B.S. Pabla},
  title = {Current Issues in CAD Model Data Exchange : A Review},
  journal = {Computer-Aided Design},
  year = {2010},
  volume = {2},
  pages = {329--336},
  number = {3}
}

@ARTICLE{Seo2004,
  author = {Tae-Sul Sea; Yoonsook Lee; Sang-Uk Cheon; Lalit Patil},
  title = {Sharing CAD models based on feature ontology of command history},
  journal = {International Journal of CAD/CAM},
  year = {2005},
  volume = {5},
  number = {1},
  owner = {Administrator},
  timestamp = {2010.07.06}
}

@TECHREPORT{vivace2007,
  author = {Gian Paolo De Poli},
  title = {Robust Multi-Disciplinary Design of Components - Concluding Report},
  institution = {VICACE},
  year = {2007},
  owner = {Administrator},
  timestamp = {2010.07.06}
}

@ARTICLE{Robinson,
  author = {Robinson, T T and Armstrong, C G and McSparron, G and Quenardel,
	A and Ou, H and McKeag, R M},
  title = {Automated mixed dimensional modelling for the finite element analysis
	of swept and revolved CAD features},
  journal = {Proceedings of the 2006 ACM symposium on Solid and physical modeling},
  year = {2006},
  pages = {117--128},
  acmid = {1128905},
  address = {New York, NY, USA},
  booktitle = {Proceedings of the 2006 ACM symposium on Solid and physical modeling},
  doi = {http://doi.acm.org/10.1145/1128888.1128905},
  isbn = {1-59593-358-1},
  location = {Cardiff, Wales, United Kingdom},
  numpages = {12},
  publisher = {ACM},
  series = {SPM '06},
  url = {http://doi.acm.org/10.1145/1128888.1128905}
}

@TECHREPORT{Rubin2000,
  author = {Carol Rubin},
  title = {DESIGN THROUGH MANUFACTURING: THE SOLID MODEL - FINITE ELEMENT ANALYSIS
	INTERFACE},
  institution = {Vanderbilt University},
  year = {2000},
  owner = {Administrator},
  timestamp = {2010.12.16}
}

@ARTICLE{Scientific,
  author = {Paul Schreier},
  title = {Closing the CAD/CAE gap},
  journal = {Scientific Computing World},
  year = {2010},
  month = {January},
  owner = {Administrator},
  timestamp = {2010.12.16},
  url = {http://www.scientific-computing.com/features}
}

@ARTICLE{Thakur200965,
  author = {Atul Thakur and Ashis Gopal Banerjee and Satyandra K. Gupta},
  title = {A survey of CAD model simplification techniques for physics-based
	simulation applications},
  journal = {Computer-Aided Design},
  year = {2009},
  volume = {41},
  pages = {65 - 80},
  number = {2},
  doi = {DOI: 10.1016/j.cad.2008.11.009},
  issn = {0010-4485},
  keywords = {CAD model simplification}
}

@ARTICLE{Woo2009,
  author = {Yoonhwan Woo},
  title = {Automatic simplification of solid models for engineering analysis
	independent of modeling sequences},
  journal = {Journal of Mechanical Science and Technology},
  year = {2009},
  volume = {23},
  pages = {1939~1948},
  owner = {Administrator},
  timestamp = {2010.12.16}
}

