@CONFERENCE{Yogesh2009,
  author = {Kulkarni, Yogesh},
  title = {A Survey of “Design for Environment” methodologies and Tools},
  year = {2009},
  address = {Katra, Jammu \& Kashmir, India},
  organization = {National Conference on Advances in Mechanical Engineering},
  owner = {Yogesh},
  timestamp = {2013.10.24}
}

@INPROCEEDINGS{Yogesh2010,
  author = {Kulkarni , Yogesh and Deshpande, Shailesh},
  title = {Medial Object Extraction - A State of the Art},
  booktitle = {Proc. of the 3rd International Conference on Advances in Mechanical
	Engineering},
  year = {2010},
  address = {S.V. National Institute of Technology, Surat , Gujarat, India},
  owner = {Yogesh},
  timestamp = {2013.10.24}
}

@ARTICLE{YogeshIJCAET2017,
  author = {Kulkarni, Yogesh and Sahasrabudhe, Anil and Kale, Mukund},
  title = {Dimension-Reduction Technique for Polygons},
  journal = {International Journal of Computer Aided Engineering and Technology},
  year = {2017},
  note = {Inderscience},
  comment = {Forthcoming},
  owner = {Yogesh},
  timestamp = {2014.12.20},
  url = {http://www.inderscience.com/info/ingeneral/forthcoming.php?jcode=ijcaet}
}

@CONFERENCE{YogeshETES2014,
  author = {Kulkarni, Yogesh and Sahasrabudhe, Anil and Kale, Mukund},
  title = {Midcurves Generation Algorithm for Thin Polygons},
  year = {2014},
  journal = {National Conference on Emerging Trends in Engineering and Science},
  owner = {Yogesh},
  timestamp = {2014.02.25}
}

@ARTICLE{YogeshIITG2014,
  author = {Kulkarni, Yogesh and Sahasrabudhe, Anil and Kale, Mukund},
  title = {Formulating Midsurface using Shape Transformations of Form Features},
  journal = {5th International and 26th All India Manufacturing Technology, Design
	and Research Conference AIMTDR 2014},
  year = {2014},
  booktitle = {5th International and 26th All India Manufacturing Technology, Design
	and Research Conference AIMTDR},
  owner = {Yogesh},
  timestamp = {2014.12.20},
  url = {http://www.iitg.ernet.in/aimtdr2014/PROCEEDINGS/papers/98.pdf}
}

@CONFERENCE{YogeshCOEP2013,
  author = {Kulkarni, Yogesh and Sahasrabudhe, Anil and Kale, Mukund},
  title = {Using Features for Generation of Midsurface},
  booktitle = {Proceedings of International Conference on Advances in Mechanical
	Engineering},
  year = {2013},
  owner = {Yogesh},
  timestamp = {2013.10.24}
}

@CONFERENCE{YogeshIITM2013,
  author = {Kulkarni, Yogesh and Sahasrabudhe, Anil and Kale, Mukund},
  title = {Strategies for using feature information in model simplification},
  booktitle = {Proceedings of International conference on Computer Aided Engineering,
	IIT Madras},
  year = {2013},
  owner = {Yogesh},
  timestamp = {2013.12.22}
}
