

@inproceedings{auriemma2016optimisation,
  title={Optimisation of a U-bend using CAD-based adjoint method with differentiated CAD kernel},
  author={Auriemma, Salvatore and Banovic, Mladen and Mykhaskiv, Orest and Legrand, Herve and M{\"u}ller, JD and Walther, A},
  booktitle={ECCOMAS Congress},
  year={2016},
  doi={10.7712/100016.2089.10065}
}

@article{banovic17oms,
  title={Automatic Differentiation of the Open CASCADE Technology CAD System and its coupling with an Adjoint CFD Solver},
  author={Banovic, M and Mykhaskiv, O and Auriemma, S and Walther, A and Legrand, H and Mueller, JD},
  journal={Optim. Methods Softw},
  year={2017}
}

@article{boer2006rbf,
  title={New method for mesh moving based on radial basis function interpolation},
  author={De Boer, Aukje and Van der Schoot, Martijn S and Bijl, Hester},
  year={2006},
  publisher={Delft University of Technology; European Community on Computational Methods in Applied Sciences (ECCOMAS)}
}


@inproceedings{dannenhofer2015occt,
  title={Design sensitivity calculations directly on CAD-based geometry},
  author={Dannenhoffer, John and Haimes, Robert},
  booktitle={53rd AIAA Aerospace Sciences Meeting},
  pages={1370},
  year={2015},
  doi={10.2514/6.2015-1370}
}

@article{econom15su2,
  title={SU2: an open-source suite for multiphysics simulation and design},
  author={Economon, Thomas D and Palacios, Francisco and Copeland, Sean R and Lukaczyk, Trent W and Alonso, Juan J},
  journal={AIAA Journal},
  volume={54},
  number={3},
  pages={828--846},
  year={2015},
  publisher={American Institute of Aeronautics and Astronautics}
}


@inproceedings{grasel2004parblading,
  title={A full parametric model for turbomachinery blade design and optimisation},
  author={Grasel, Jurgen and Keskin, Akin and Swoboda, Marius and Przewozny, Hans and Saxer, Andr{\'e}},
  booktitle={ASME 2004 International Design Engineering Technical Conferences and Computers and Information in Engineering Conference},
  pages={907--914},
  year={2004},
  organization={American Society of Mechanical Engineers}
}

@book{griewank_evaluating_2008,
  title={Evaluating derivatives: principles and techniques of algorithmic differentiation},
  author={Griewank, Andreas and Walther, Andrea},
  volume={105},
  year={2008},
  publisher={Siam},
  doi={10.1137/1.9780898717761}
}

@article{jameson88aerodynamic,
  title={Aerodynamic design via control theory},
  author={Jameson, Antony},
  journal={Journal of scientific computing},
  volume={3},
  number={3},
  pages={233--260},
  year={1988},
  publisher={Springer},
  doi={10.1007/BF01061285}
}


@article{jameson2000brachistronome,
  title={Studies of alternative numerical optimization methods applied to the brachistochrone problem},
  author={Jameson, Antony and Vassberg, John C},
  journal={Computational Fluid Dynamics Journal},
  volume={9},
  number={3},
  pages={281--296},
  year={2000},
  publisher={JAPAN SOCIETY OF COMPUTATIONAL FLUID DYNAMICS}
}


@article{jones11mgopt,
  title={Preparation and assembly of discrete adjoint CFD codes},
  author={Jones, Dominic and M{\"u}ller, Jens-Dominik and Christakopoulos, Faidon},
  journal={Computers \& Fluids},
  volume={46},
  number={1},
  pages={282--286},
  year={2011},
  publisher={Elsevier},
  doi={10.1016/j.compfluid.2011.01.042}
}

@book{piegl2012nurbs,
  title={The NURBS book},
  author={Piegl, Les and Tiller, Wayne},
  year={2012},
  publisher={Springer Science \& Business Media}
}

@article{pironneau,
  title={On optimum design in fluid mechanics},
  author={Pironneau, Olivier},
  journal={Journal of Fluid Mechanics},
  volume={64},
  number={1},
  pages={97--110},
  year={1974},
  publisher={Cambridge University Press}
}


@article{robinson12fd,
  title={Optimizing parameterized CAD geometries using sensitivities based on adjoint functions},
  author={Robinson, Trevor T and Armstrong, Cecil G and Chua, Hung Soon and Othmer, Carsten and Grahs, Thorsten},
  journal={Computer-Aided Design and Applications},
  volume={9},
  number={3},
  pages={253--268},
  year={2012},
  publisher={Taylor \& Francis},
  doi={10.3722/cadaps.2012.253-268}
}


@inproceedings{smareh2004ffd,
  title={Aerodynamic shape optimization based on free-form deformation},
  author={Samareh, Jamshid},
  booktitle={10th AIAA/ISSMO multidisciplinary analysis and optimization conference},
  pages={4630},
  year={2004}
}

@book{stueck12fresco,
  title={Adjoint Navier-Stokes methods for hydrodynamic shape optimisation},
  author={St{\"u}ck, Arthur},
  year={2012},
  publisher={Technische Universit{\"a}t Hamburg},
  doi={10.2514/6.2004-4630}
}




@inproceedings{verstreate2010cado,
  title={CADO: a computer aided design and optimization tool for turbomachinery applications},
  author={Verstraete, Tom},
  booktitle={2nd Int. Conf. on Engineering Optimization, Lisbon, Portugal, September},
  pages={6--9},
  year={2010}
}


@book{walther_griewank_adolc,
  title={Combinatorial scientific computing},
  author={Naumann, Uwe and Schenk, Olaf},
  year={2012},
  publisher={CRC Press},
  doi={10.1201/b11644-8}
}


@article{xu13:cad-based,
  title={CAD-based shape optimisation with CFD using a discrete adjoint},
  author={Xu, Shenren and Jahn, Wolfram and M{\"u}ller, Jens-Dominik},
  journal={International Journal for Numerical Methods in Fluids},
  volume={74},
  number={3},
  pages={153--168},
  year={2014},
  publisher={Wiley Online Library},
  doi={10.1002/fld.3844}
}


@phdthesis{xu2015thesis,
  title={CAD-based CFD shape optimisation using discrete adjoint solvers},
  author={Xu, Shenren},
  year={2015},
  school={Queen Mary University of London}
}

@inproceedings{xu15cad-based,
  title={CAD-based adjoint shape optimisation of a one-stage turbine with geometric constraints},
  author={Xu, Shenren and Radford, David and Meyer, Marcus and M{\"u}ller, Jens-Dominik},
  booktitle={ASME Turbo Expo 2015: Turbine Technical Conference and Exposition},
  pages={V02CT45A006--V02CT45A006},
  year={2015},
  organization={American Society of Mechanical Engineers}
}


@article{zhu1997algorithm,
  title={Algorithm 778: L-BFGS-B: Fortran subroutines for large-scale bound-constrained optimization},
  author={Zhu, Ciyou and Byrd, Richard H and Lu, Peihuang and Nocedal, Jorge},
  journal={ACM Transactions on Mathematical Software (TOMS)},
  volume={23},
  number={4},
  pages={550--560},
  year={1997},
  publisher={ACM},
  doi={10.1145/279232.279236}
}

@inproceedings{RRD_TUB,
  title={Aerodynamic Optimization of the TurboLab Stator: A Comparative Study between Conventional and
Adjoint-based Approaches},
  author={Vasilopoulos, I. and Flassig, P. and Meyer, M. and Reiche, K.},
  booktitle={International Conference on Numerical Optimisation Methods for Engineering Design NOED},
  year={2016}
}

@misc{tubwebsite,
  title = {{TU Berlin Stator Testcase}},
  howpublished = {\url{http://aboutflow.sems.qmul.ac.uk/events/munich2016/benchmark/testcase3}}
}




