
@misc{autoenkeras,
  title={Building Autoencoders in Keras},
  author={Chollet, F},
  journal={Optim. Methods Softw},
	  howpublished = {\url{https://blog.keras.io/building-autoencoders-in-keras.html}}
  year={2019}
}

@inproceedings{medial2010,
  title={Medial Object Extraction - A State of the Art},
  author={Kulkarni, Y. H.; Deshpande, S.},
  year={2010},
  booktitle={International Conference on Advances in Mechanical Engineering, SVNIT, Surat}
}


@article{dimred2017,
  title={Dimension-reduction technique for polygons},
  author={Kulkarni, Y. H.; Sahasrabudhe, A.D.; Kale, M.S},
  journal={International Journal of Computer Aided Engineering and Technology},
  volume={9},
  number={1},
  year={2017},
  publisher={IJCAET},
  doi={10.1504/IJCAET.2017.080772}
}





