@article{Ramanathan04,
author = {M. Ramanathan and B. Gurumoorthy},
title = {Generating the Mid-Surface of a Solid using 2D MAT of its Faces},
journal = {Computer-Aided Design and Applications},
volume = {1},
number = {1-4},
pages = {665-674},
year  = {2004},
publisher = {Taylor & Francis},
doi = {10.1080/16864360.2004.10738312},
URL = { https://doi.org/10.1080/16864360.2004.10738312},
eprint = {https://doi.org/10.1080/16864360.2004.10738312}
}

@InProceedings{Panichev_2019_CVPR_Workshops,
author = {Panichev, Oleg and Voloshyna, Alona},
title = {U-Net Based Convolutional Neural Network for Skeleton Extraction},
booktitle = {Proceedings of the IEEE/CVF Conference on Computer Vision and Pattern Recognition (CVPR) Workshops},
month = {June},
year = {2019},
}



@misc{shen2016object,
      title={Object Skeleton Extraction in Natural Images by Fusing Scale-associated Deep Side Outputs}, 
      author={Wei Shen and Kai Zhao and Yuan Jiang and Yan Wang and Zhijiang Zhang and Xiang Bai},
      year={2016},
      eprint={1603.09446},
      archivePrefix={arXiv},
      primaryClass={cs.CV}
}

@misc{wang2018deepflux,
      title={DeepFlux for Skeletons in the Wild}, 
      author={Yukang Wang and Yongchao Xu and Stavros Tsogkas and Xiang Bai and Sven Dickinson and Kaleem Siddiqi},
      year={2018},
      eprint={1811.12608},
      archivePrefix={arXiv},
      primaryClass={cs.CV}
}

@article{shen2021convolutional,
  author = {Shen, Zhiyi and Zhou, Zhenyu and Zeng, Ying},
  title = {A convolutional neural network-based skeleton extraction method for 3D shapes},
  journal = {IEEE Transactions on Visualization and Computer Graphics},
  volume = {27},
  issue = {11},
  pages = {3729--3739},
  year = {2021},
  month = {1},
}

@article{wang2023learningcontentflux,
  author = {Wang, H. and Zhou, B. and Wang, C. and Liu, Y.},
  title = {Learning content flux for skeletonization},
  journal = {IEEE Transactions on Pattern Analysis and Machine Intelligence},
  year = {2023},
}

@misc{zhao2018hifi,
      title={Hi-Fi: Hierarchical Feature Integration for Skeleton Detection}, 
      author={Kai Zhao and Wei Shen and Shanghua Gao and Dandan Li and Ming-Ming Cheng},
      year={2018},
      eprint={1801.01849},
      archivePrefix={arXiv},
      primaryClass={cs.CV}
}

@article{Shen_2017,
   title={DeepSkeleton: Learning Multi-Task Scale-Associated Deep Side Outputs for Object Skeleton Extraction in Natural Images},
   volume={26},
   ISSN={1941-0042},
   url={http://dx.doi.org/10.1109/TIP.2017.2735182},
   DOI={10.1109/tip.2017.2735182},
   number={11},
   journal={IEEE Transactions on Image Processing},
   publisher={Institute of Electrical and Electronics Engineers (IEEE)},
   author={Shen, Wei and Zhao, Kai and Jiang, Yuan and Wang, Yan and Bai, Xiang and Yuille, Alan},
   year={2017},
   month={Nov},
   pages={5298-5311}
}


@inproceedings{Rodas2019JointOB,
  title={Joint object boundary and skeleton detection using convolutional neural networks},
  author={Carles Balsells Rodas},
  year={2019}
}

@article{Keil94,
  author = {Mark Keil and Jack Snoeyink},
  title = {On the Time Bound for Convex Decomposition of Simple Polygons},
  journal = {Proceedings of the 10th Canadian Conference on Computational Geometry,
	School of Computer Science, McGill University, Canada},
  year = {1998},
  pages = {54--55},
  booktitle = {SCHOOL OF COMPUTER SCIENCE, MCGILL UNIVERSITY}
}

@ARTICLE{Tierney2013,
  author = {Christopher Tierney, Declan Nolan, Trevor Robinson and Cecil Armstrong},
  title = {Using Mesh-Geometry Relationships to Transfer Analysis Models between
	CAE Tools},
  journal = {Proceedings of the 22nd International Meshing Roundtable},
  year = {2013},
  owner = {Yogesh},
  timestamp = {2013.12.16}
}

@TECHREPORT{Rocha99,
  author = {Jairo Rocha},
  title = {Polygon decomposition into singular and regular regions},
  institution = {University of the Balearic Islands},
  year = {1999},
  owner = {Yogesh},
  timestamp = {2013.10.29}
}

@INPROCEEDINGS{Rocha98,
  author = {Rocha, Jairo and Bernardino, Rafael},
  title = {Singularities and Regularities on Line Pictures via Symmetrical Trapezoids},
  booktitle = {Proceedings of the 4th International Conference on Document Analysis
	and Recognition},
  year = {1997},
  series = {ICDAR '97},
  pages = {809--812},
  address = {Washington, DC, USA},
  publisher = {IEEE Computer Society},
  acmid = {684819},
  isbn = {0-8186-7898-4},
  keywords = {Skeleton, Singular-Regular Polygon Decomposition, Trapezoid Covering.},
  numpages = {4},
  url = {http://dl.acm.org/citation.cfm?id=646270.684819}
}

@misc{Bayazit,
  author = {Mark Bayazit},
  title = {Polygon Decomposition},
  year = {2013},
  note = {http://mnbayazit.com/406/bayazit (Last accessed Oct 2015)},
  owner = {Yogesh},
  timestamp = {2013.10.14},
  url = {http://mnbayazit.com/406/bayazit}
}

@article{Lien2004,
  author = {Lien, Jyh-Ming and Amato, Nancy M.},
  title = {Approximate Convex Decomposition of Polygons},
  journal = {Comput. Geom. Theory Appl.},
  year = {2006},
  volume = {35},
  pages = {100--123},
  number = {1},
  month = aug,
  acmid = {1148408},
  address = {Amsterdam, The Netherlands, The Netherlands},
  doi = {10.1016/j.comgeo.2005.10.005},
  issn = {0925-7721},
  issue_date = {August 2006},
  keywords = {convex decomposition, hierarchical, polygon},
  numpages = {24},
  publisher = {Elsevier Science Publishers B. V.}
}

@misc{autoenkeras,
  title={Building Autoencoders in Keras},
  author={Chollet, F},
  journal={Optim. Methods Softw},
	  howpublished = {\url{https://blog.keras.io/building-autoencoders-in-keras.html}},
  year={2019}
}

@inproceedings{medial2010,
  title={Medial Object Extraction - A State of the Art},
  author={Kulkarni, Yogesh and Deshpande, Shailesh},
  year={2010},
  booktitle={International Conference on Advances in Mechanical Engineering, SVNIT, Surat}
}


@article{dimred2017,
  title={Dimension-reduction technique for polygons},
  author={Kulkarni, Yogesh and Sahasrabudhe, Anil and Kale, Mukund},
  journal={International Journal of Computer Aided Engineering and Technology},
  volume={9},
  number={1},
  year={2017},
  publisher={IJCAET},
  doi={10.1504/IJCAET.2017.080772}
}

@unknown{DasSeg2019,
author = {Das, Arindam and Kandan, Saranya and Yogamani, Senthil and Krizek, Pavel},
year = {2019},
month = {01},
pages = {},
title = {Design of Real-time Semantic Segmentation Decoder for Automated Driving}
}

@INPROCEEDINGS{midcurvenn2023,
  author = {Kulkarni, Yogesh},
  title = {MidcurveNN: Neural Network for Computing Midcurve of a Thin Polygon},
  booktitle = {CAD Conference},
  pages = {223-225},
  year = {2023},
  doi = {10.14733/cadconfP.2021.223-225},
}

@phdthesis{kulkarni2017,
	author = {Kulkarni, Yogesh},
	title = {Development of algorithms for generating connected midsurfaces using feature information in thin-walled parts},
	year = {2017},
	month = {Jan},
	school = {College of Engineering Pune, India},
}

@ARTICLE{midcurvenn2022,
  author = {Kulkarni, Yogesh and Pande, Suhas S. and Ravi, B.},
  title = {MidcurveNN: Neural Network for Computing Midcurve of a Thin Polygon},
  journal = {CAD Journal},
  volume = {19},
  issue = {6},
  pages = {1154-1161},
  year = {2022},
  keywords = {Midcurve, Encoder-Decoder, Neural Network},
  doi = {10.14733/cadaps.2022.1154-1161},
  url = {https://www.cad-journal.net/files/vol\_19/CAD\_19(6)\_2022\_1154-1161.pdf},
}

@online{kulkarni2023geometry,
  author = {Kulkarni, {Y. H.}},
  title = {{Geometry, Graphs and {GPT}}},
  journal = {Medium},
  date = {2023-05-31},
  url = {https://medium.com/technology-hits/geometry-graphs-and-gpt-2862d6d24866},
}

@misc{Kulkarni2023,
    author = {Kulkarni, Yogesh H.},
    title = {MidcurveNN: Encoder-Decoder Neural Network for Computing Midcurve of a Thin Polygon},
    year = {2023},
    month = {June 16},
    howpublished = {ODSC India 2019},
    note = {Retrieved December 8, 2023, from \url{https://confengine.com/conferences/odsc-india-2019/proposal/10090/midcurvenn-encoder-decoder-neural-network-for-computing-midcurve-of-a-thin-polygon}}
}


@misc{midcurvenngithub,
  author = {Kulkarni, Yogesh H.},
  title = {{MidcurveNN}},
  url = {https://github.com/yogeshhk/MidcurveNN},
  year = {2023},
  accessed = {2023-12-08},
}

@article{fatemi2023talklikeagraph,
  author = {Fatemi, Bahare and Halcrow, Jonathan and Bryan, Bryan},
  title = {Talk like a Graph: Encoding Graphs for Large Language Models},
  journal = {arXiv preprint arXiv:2310.04560},
  year = {2023},
  eprint = {2310.04560},
  doi = {10.48550/arXiv.2310.04560},
  url = {https://arxiv.org/abs/2310.04560},
}

